<collection xmlns="http://www.loc.gov/MARC21/slim"><record><leader>01039nam  2200325   450</leader><controlfield tag="001">13</controlfield><controlfield tag="003">http://montalegre.opacnet.com/OPAC/default.aspx?ContentAreaControl=ShowRegHoldings.ascx&amp;RegNo=16662</controlfield><datafield tag="010" ind1=" " ind2=" "><subfield code="a">972-1-03411-8</subfield></datafield><datafield tag="010" ind1=" " ind2=" "><subfield code="a">972-1-03451-7</subfield></datafield><datafield tag="021" ind1=" " ind2=" "><subfield code="a">PT</subfield><subfield code="b">71898/93</subfield></datafield><datafield tag="021" ind1=" " ind2=" "><subfield code="a">PT</subfield><subfield code="b">78937/94</subfield></datafield><datafield tag="095" ind1=" " ind2=" "><subfield code="a">PTBN00600252</subfield></datafield><datafield tag="100" ind1=" " ind2=" "><subfield code="a">20061013d1993    m  y0pory010305  ba</subfield></datafield><datafield tag="101" ind1="1" ind2=" "><subfield code="a">por</subfield><subfield code="c">eng</subfield></datafield><datafield tag="102" ind1=" " ind2=" "><subfield code="a">PT</subfield></datafield><datafield tag="105" ind1=" " ind2=" "><subfield code="a">y   z   000ay</subfield></datafield><datafield tag="106" ind1=" " ind2=" "><subfield code="a">r</subfield></datafield><datafield tag="200" ind1="1" ind2=" "><subfield code="a">Planícies de passagem</subfield><subfield code="f">Jean Auel</subfield><subfield code="g">trad. Sophie Vinga</subfield></datafield><datafield tag="205" ind1=" " ind2=" "><subfield code="a">2ª ed</subfield></datafield><datafield tag="210" ind1=" " ind2=" "><subfield code="a">Mem Martins</subfield><subfield code="c">Europa-América</subfield><subfield code="d">D.L. 1993-1994</subfield></datafield><datafield tag="215" ind1=" " ind2=" "><subfield code="a">2 v. (383, 406, [3] p.)</subfield><subfield code="d">21 cm</subfield></datafield><datafield tag="225" ind1="2" ind2=" "><subfield code="a">Nébula</subfield><subfield code="v">43-44)</subfield></datafield><datafield tag="304" ind1=" " ind2=" "><subfield code="a">Tít. orig.: The plains of passage</subfield></datafield><datafield tag="675" ind1=" " ind2=" "><subfield code="a">821</subfield><subfield code="v">BN</subfield><subfield code="z">por</subfield></datafield><datafield tag="700" ind1=" " ind2="1"><subfield code="a">Auel</subfield><subfield code="b">Jean M</subfield><subfield code="f">1936</subfield></datafield><datafield tag="702" ind1=" " ind2="1"><subfield code="a">Vinga</subfield><subfield code="b">Sophie Penberthy</subfield><subfield code="4">730</subfield></datafield><datafield tag="801" ind1=" " ind2="0"><subfield code="a">PT</subfield><subfield code="b">Biblioteca Municipal de Montalegre</subfield><subfield code="g">RPC</subfield></datafield><datafield tag="856" ind1=" " ind2=" "><subfield code="u">locateMedia.asp?cod=20060504103149&amp;ext=jpg</subfield><subfield code="z">CAPA</subfield></datafield><datafield tag="856" ind1=" " ind2=" "><subfield code="u">locateMedia.asp?cod=20060504103338&amp;ext=jpg</subfield><subfield code="z">CAPA</subfield></datafield><datafield tag="909" ind1="&#9;" ind2=" "><subfield code="a">2</subfield></datafield><datafield tag="966" ind1=" " ind2=" "><subfield code="a">0010180</subfield><subfield code="l">BMM</subfield><subfield code="s">SCG 821 AUE pla 43</subfield></datafield><datafield tag="966" ind1=" " ind2=" "><subfield code="a">0010181</subfield><subfield code="l">BMM</subfield><subfield code="s">SCG 821 AUE pla 44</subfield></datafield></record></collection>